@article{tong1995personal,
  title={A Personal Overview of Non-Linear Time Series Analysis from a Chaos Perspective [with Discussion and Rejoinder]},
  author={Tong, Howell and Chan, KS and Cox, DR and Cutler, Colleen D and Gu{\'e}gan, D and Jensen, Jens Ledet and Johansen, S{\o}ren and Lawrance, AJ and Lebaron, Blake and Ozaki, T and others},
  journal={Scandinavian Journal of Statistics},
  pages={399--445},
  year={1995},
  publisher={JSTOR}
}

@article{tibshirani1996regression,
  title={Regression shrinkage and selection via the lasso},
  author={Tibshirani, Robert},
  journal={Journal of the Royal Statistical Society. Series B (Methodological)},
  pages={267--288},
  year={1996},
  publisher={JSTOR}
}

@book{golub2012matrix,
  title={Matrix computations},
  author={Golub, Gene H and Van Loan, Charles F},
  volume={3},
  year={2012},
  publisher={JHU Press}
}

@article{duchon1977splines,
  title={Splines minimizing rotation-invariant semi-norms in Sobolev spaces},
  author={Duchon, Jean},
  journal={Constructive theory of functions of several variables},
  pages={85--100},
  year={1977},
  publisher={Springer}
}

@book{eubank1999nonparametric,
  title={Nonparametric regression and spline smoothing},
  author={Eubank, Randall L},
  year={1999},
  publisher={CRC press}
}

@article{seidel1991symmetric,
  title={Symmetric recursive algorithms for surfaces: B-patches and the de Boor algorithm for polynomials over triangles},
  author={Seidel, Hans-Peter},
  journal={Constr. Approx},
  volume={7},
  pages={257--279},
  year={1991},
  publisher={Springer}
}

@article{dahmen1992blossoming,
  title={Blossoming begets ??-spline bases built better by ??-patches},
  author={Dahmen, Wolfgang and Micchelli, Charles A and Seidel, Hans-Peter},
  journal={Mathematics of computation},
  volume={59},
  number={199},
  pages={97--115},
  year={1992}
}

@article{bickel2008regularized,
  title={Regularized estimation of large covariance matrices},
  author={Bickel, Peter J and Levina, Elizaveta},
  journal={The Annals of Statistics},
  pages={199--227},
  year={2008},
  publisher={JSTOR}
}

@article{fan2000two,
  title={Two-step estimation of functional linear models with applications to longitudinal data},
  author={Fan, Jianqing and Zhang, J-T},
  journal={Journal of the Royal Statistical Society: Series B (Statistical Methodology)},
  volume={62},
  number={2},
  pages={303--322},
  year={2000},
  publisher={Wiley Online Library}
}

@article{rothman2010new,
  title={A new approach to Cholesky-based covariance regularization in high dimensions},
  author={Rothman, Adam J and Levina, Elizaveta and Zhu, Ji},
  journal={Biometrika},
  pages={539--550},
  year={2010},
  publisher={JSTOR}
}

@book{de1978practical,
  title={A practical guide to splines},
  author={De Boor, Carl and De Boor, Carl and Math{\'e}maticien, Etats-Unis and De Boor, Carl and De Boor, Carl},
  volume={27},
  year={1978},
  publisher={Springer-Verlag New York}
}

@article{ledoit2004well,
  title={A well-conditioned estimator for large-dimensional covariance matrices},
  author={Ledoit, Olivier and Wolf, Michael},
  journal={Journal of multivariate analysis},
  volume={88},
  number={2},
  pages={365--411},
  year={2004},
  publisher={Elsevier}
}


@article{fan2008high,
  title={High dimensional covariance matrix estimation using a factor model},
  author={Fan, Jianqing and Fan, Yingying and Lv, Jinchi},
  journal={Journal of Econometrics},
  volume={147},
  number={1},
  pages={186--197},
  year={2008},
  publisher={Elsevier}
}

@article{furrer2007estimation,
  title={Estimation of high-dimensional prior and posterior covariance matrices in Kalman filter variants},
  author={Furrer, Reinhard and Bengtsson, Thomas},
  journal={Journal of Multivariate Analysis},
  volume={98},
  number={2},
  pages={227--255},
  year={2007},
  publisher={Elsevier}
}

@article{liu1999matrix,
  title={Matrix results on the Khatri-Rao and Tracy-Singh products},
  author={Liu, Shuangzhe},
  journal={Linear Algebra and its Applications},
  volume={289},
  number={1-3},
  pages={267--277},
  year={1999},
  publisher={Elsevier}
}

@article{liao2016autocovariance,
  title={Autocovariance Function Estimation via Penalized Regression},
  author={Liao, Lina and Park, Cheolwoo and Hannig, Jan and Kang, Kee-Hoon},
  journal={Journal of Computational and Graphical Statistics},
  volume={25},
  number={4},
  pages={1041--1056},
  year={2016},
  publisher={Taylor \& Francis}
}

@inproceedings{scholkopf2001generalized,
  title={A generalized representer theorem},
  author={Sch{\"o}lkopf, Bernhard and Herbrich, Ralf and Smola, Alex J},
  booktitle={International Conference on Computational Learning Theory},
  pages={416--426},
  year={2001},
  organization={Springer}
}

@article{huang2011spectral,
  title={Spectral density estimation through a regularized inverse problem},
  author={Huang, Chunfeng and Hsing, Tailen and Cressie, Noel},
  journal={Statistica Sinica},
  pages={1115--1144},
  year={2011},
  publisher={JSTOR}
}

@book{wood2017generalized,
  title={Generalized additive models: an introduction with R},
  author={Wood, Simon N},
  year={2017},
  publisher={CRC press}
}

@misc{gu2002smoothing,
  title={Smoothing Spline ANOVA Models},
  author={Gu, Chong},
  year={2002},
  publisher={New York: Springer}
}

@article{wahba1995smoothing,
  title={Smoothing spline ANOVA for exponential families, with application to the Wisconsin Epidemiological Study of Diabetic Retinopathy},
  author={Wahba, Grace and Wang, Yuedong and Gu, Chong and Klein, Ronald and Klein, Barbara},
  journal={The Annals of Statistics},
  pages={1865--1895},
  year={1995},
  publisher={JSTOR}
}

@article{gu1993semiparametric,
  title={Semiparametric analysis of variance with tensor product thin plate splines},
  author={Gu, Chong and Wahba, Grace},
  journal={Journal of the Royal Statistical Society. Series B (Methodological)},
  pages={353--368},
  year={1993},
  publisher={JSTOR}
}

@article{o1986statistical,
  title={A statistical perspective on ill-posed inverse problems},
  author={O'Sullivan, Finbarr},
  journal={Statistical science},
  pages={502--518},
  year={1986},
  publisher={JSTOR}
}

@article{craven1978smoothing,
  title={Smoothing noisy data with spline functions},
  author={Craven, Peter and Wahba, Grace},
  journal={Numerische Mathematik},
  volume={31},
  number={4},
  pages={377--403},
  year={1978},
  publisher={Springer}
}

@incollection{eilers1995indirect,
  title={Indirect observations, composite link models and penalized likelihood},
  author={Eilers, Paul HC},
  booktitle={Statistical Modelling},
  pages={91--98},
  year={1995},
  publisher={Springer}
}

@article{eilers1991nonparametric,
  title={Nonparametric density estimation with grouped observations},
  author={Eilers, PHC},
  journal={Statistica neerlandica},
  volume={45},
  number={3},
  pages={255--269},
  year={1991},
  publisher={Wiley Online Library}
}

@article{eilers1991penalized,
  title={Penalized regression in action: Estimating pollution roses from daily averages},
  author={Eilers, Paul HC},
  journal={Environmetrics},
  volume={2},
  number={1},
  pages={25--47},
  year={1991},
  publisher={Wiley Online Library}
}

@article{friedman1989flexible,
  title={Flexible parsimonious smoothing and additive modeling},
  author={Friedman, Jerome H and Silverman, Bernard W},
  journal={Technometrics},
  volume={31},
  number={1},
  pages={3--21},
  year={1989},
  publisher={Taylor \& Francis}
}

@article{eilers1996flexible,
  title={Flexible smoothing with B-splines and penalties},
  author={Eilers, Paul HC and Marx, Brian D},
  journal={Statistical science},
  pages={89--102},
  year={1996},
  publisher={JSTOR}
}

@article{stone1997polynomial,
  title={Polynomial splines and their tensor products in extended linear modeling: 1994 Wald memorial lecture},
  author={Stone, Charles J and Hansen, Mark H and Kooperberg, Charles and Truong, Young K and others},
  journal={The Annals of Statistics},
  volume={25},
  number={4},
  pages={1371--1470},
  year={1997},
  publisher={Institute of Mathematical Statistics}
}

@article{stone2002free,
  title={Free knot splines in concave extended linear modeling},
  author={Stone, Charles J and Huang, Jianhua Z},
  journal={Journal of Statistical Planning and Inference},
  volume={108},
  number={1},
  pages={219--253},
  year={2002},
  publisher={Elsevier}
}

@article{stone2003statistical,
  title={Statistical modeling of diffusion processes with free knot splines},
  author={Stone, Charles J and Huang, Jianhua Z},
  journal={Journal of statistical planning and inference},
  volume={116},
  number={2},
  pages={451--474},
  year={2003},
  publisher={Elsevier}
}

@article{hastie1993varying,
  title={Varying-coefficient models},
  author={Hastie, Trevor and Tibshirani, Robert},
  journal={Journal of the Royal Statistical Society. Series B (Methodological)},
  pages={757--796},
  year={1993},
  publisher={JSTOR}
}

@article{hastie1986generalized,
  title={Generalized additive models},
  author={Hastie, Trevor and Tibshirani, Robert},
  journal={Statistical science},
  pages={297--310},
  year={1986},
  publisher={JSTOR}
}

@article{wand2008semiparametric,
  title={On semiparametric regression with O'Sullivan penalized splines},
  author={Wand, MP and Ormerod, JT},
  journal={Australian \& New Zealand Journal of Statistics},
  volume={50},
  number={2},
  pages={179--198},
  year={2008},
  publisher={Wiley Online Library}
}

@article{buja1989linear,
  title={Linear smoothers and additive models},
  author={Buja, Andreas and Hastie, Trevor and Tibshirani, Robert},
  journal={The Annals of Statistics},
  pages={453--510},
  year={1989},
  publisher={JSTOR}
}

@article{pourahmadi2011covariance,
  title={Covariance estimation: The GLM and regularization perspectives},
  author={Pourahmadi, Mohsen},
  journal={Statistical Science},
  pages={369--387},
  year={2011},
  publisher={JSTOR}
}

@article{chiang2001smoothing,
  title={Smoothing spline estimation for varying coefficient models with repeatedly measured dependent variables},
  author={Chiang, Chin-Tsang and Rice, John A and Wu, Colin O},
  journal={Journal of the American Statistical Association},
  volume={96},
  number={454},
  pages={605--619},
  year={2001},
  publisher={Taylor \& Francis}
}


@article{eilers2003multivariate,
  title={Multivariate calibration with temperature interaction using two-dimensional penalized signal regression},
  author={Eilers, Paul HC and Marx, Brian D},
  journal={Chemometrics and intelligent laboratory systems},
  volume={66},
  number={2},
  pages={159--174},
  year={2003},
  publisher={Elsevier}
}


@article{huang2006covariance,
  title={Covariance matrix selection and estimation via penalised normal likelihood},
  author={Huang, Jianhua Z and Liu, Naiping and Pourahmadi, Mohsen and Liu, Linxu},
  journal={Biometrika},
  pages={85--98},
  year={2006},
  publisher={JSTOR}
}

@article{pourahmadi2007cholesky,
  title={Cholesky decompositions and estimation of a covariance matrix: orthogonality of variance-correlation parameters},
  author={Pourahmadi, Mohsen},
  journal={Biometrika},
  pages={1006--1013},
  year={2007},
  publisher={JSTOR}
}

@article{marx2005multidimensional,
  title={Multidimensional penalized signal regression},
  author={Marx, Brian D and Eilers, Paul HC},
  journal={Technometrics},
  volume={47},
  number={1},
  pages={13--22},
  year={2005},
  publisher={Taylor \& Francis}
}

@article{hoover1998nonparametric,
  title={Nonparametric smoothing estimates of time-varying coefficient models with longitudinal data},
  author={Hoover, Donald R and Rice, John A and Wu, Colin O and Yang, Li-Ping},
  journal={Biometrika},
  volume={85},
  number={4},
  pages={809--822},
  year={1998},
  publisher={Biometrika Trust}
}

@incollection{hardle2007partially,
  title={Partially linear models},
  author={H{\"a}rdle, Wolfgang and Liang, Hua},
  booktitle={Statistical methods for biostatistics and related fields},
  pages={87--103},
  year={2007},
  publisher={Springer}
}

@article{zeger1994semiparametric,
  title={Semiparametric models for longitudinal data with application to CD4 cell numbers in HIV seroconverters},
  author={Zeger, Scott L and Diggle, Peter J},
  journal={Biometrics},
  pages={689--699},
  year={1994},
  publisher={JSTOR}
}

@article{cai2002two,
  title={Two-step likelihood estimation procedure for varying-coefficient models},
  author={Cai, Zongwu},
  journal={Journal of Multivariate Analysis},
  volume={82},
  number={1},
  pages={189--209},
  year={2002},
  publisher={Elsevier}
}

@article{mammen2005bandwidth,
  title={Bandwidth selection for smooth backfitting in additive models},
  author={Mammen, Enno and Park, Byeong U},
  journal={Annals of Statistics},
  pages={1260--1294},
  year={2005},
  publisher={JSTOR}
}

@article{chen1993nonlinear,
  title={Nonlinear additive ARX models},
  author={Chen, Rong and Tsay, Ruey S},
  journal={Journal of the American Statistical Association},
  volume={88},
  number={423},
  pages={955--967},
  year={1993},
  publisher={Taylor \& Francis}
}

@article{chen1993functional,
  title={Functional-coefficient autoregressive models},
  author={Chen, Rong and Tsay, Ruey S},
  journal={Journal of the American Statistical Association},
  volume={88},
  number={421},
  pages={298--308},
  year={1993},
  publisher={Taylor \& Francis Group}
}

@article{cai2000functional,
  title={Functional-coefficient regression models for nonlinear time series},
  author={Cai, Zongwu and Fan, Jianqing and Yao, Qiwei},
  journal={Journal of the American Statistical Association},
  volume={95},
  number={451},
  pages={941--956},
  year={2000},
  publisher={Taylor \& Francis Group}
}

@article{cai2000application,
  title={Application of a local linear autoregressive model to BOD time series},
  author={Cai, Zongwu and Tiwari, Ram C},
  journal={Environmetrics},
  volume={11},
  number={3},
  pages={341--350},
  year={2000},
  publisher={Citeseer}
}

@article{wu1998asymptotic,
  title={Asymptotic confidence regions for kernel smoothing of a varying-coefficient model with longitudinal data},
  author={Wu, Colin O and Chiang, Chin-Tsang and Hoover, Donald R},
  journal={Journal of the American statistical Association},
  volume={93},
  number={444},
  pages={1388--1402},
  year={1998},
  publisher={Taylor \& Francis}
}

@article{zhou1998local,
  title={Local asymptotics for regression splines and confidence regions},
  author={Zhou, S and Shen, X and Wolfe, DA and others},
  journal={The annals of statistics},
  volume={26},
  number={5},
  pages={1760--1782},
  year={1998},
  publisher={Institute of Mathematical Statistics}
}

@article{lee2012flexible,
  title={Flexible generalized varying coefficient regression models},
  author={Lee, Young K and Mammen, Enno and Park, Byeong U and others},
  journal={The Annals of Statistics},
  volume={40},
  number={3},
  pages={1906--1933},
  year={2012},
  publisher={Institute of Mathematical Statistics}
}

@article{huang2001concave,
  title={Concave extended linear modeling: a theoretical synthesis},
  author={Huang, Jianhua Z},
  journal={Statistica Sinica},
  pages={173--197},
  year={2001},
  publisher={JSTOR}
}

@article{huang1998functional,
  title={Functional ANOVA models for generalized regression},
  author={Huang, Jianhua Z},
  journal={Journal of multivariate analysis},
  volume={67},
  number={1},
  pages={49--71},
  year={1998},
  publisher={Elsevier}
}

@article{huang2007estimation,
  title={Estimation of large covariance matrices of longitudinal data with basis function approximations},
  author={Huang, Jianhua Z and Liu, Linxu and Liu, Naiping},
  journal={Journal of Computational and Graphical Statistics},
  volume={16},
  number={1},
  pages={189--209},
  year={2007},
  publisher={Taylor \& Francis}
}

@article{huang2004polynomial,
  title={Polynomial spline estimation and inference for varying coefficient models with longitudinal data},
  author={Huang, Jianhua Z and Wu, Colin O and Zhou, Lan},
  journal={Statistica Sinica},
  pages={763--788},
  year={2004},
  publisher={JSTOR}
}

@article{huang2002varying,
  title={Varying-coefficient models and basis function approximations for the analysis of repeated measurements},
  author={Huang, Jianhua Z and Wu, Colin O and Zhou, Lan},
  journal={Biometrika},
  volume={89},
  number={1},
  pages={111--128},
  year={2002},
  publisher={Biometrika Trust}
}


@article{ye1998measuring,
  title={On measuring and correcting the effects of data mining and model selection},
  author={Ye, Jianming},
  journal={Journal of the American Statistical Association},
  volume={93},
  number={441},
  pages={120--131},
  year={1998},
  publisher={Taylor \& Francis}
}

@article{huang1998projection,
  title={Projection estimation in multiple regression with application to functional ANOVA models},
  author={Huang, Jianhua Z and others},
  journal={The annals of statistics},
  volume={26},
  number={1},
  pages={242--272},
  year={1998},
  publisher={Institute of Mathematical Statistics}
}

@incollection{huang2003extended,
  title={Extended linear modeling with splines},
  author={Huang, Jianhua Z and Stone, Charles J},
  booktitle={Nonlinear Estimation and Classification},
  pages={213--233},
  year={2003},
  publisher={Springer}
}

@article{chen2007large,
  title={Large sample sieve estimation of semi-nonparametric models},
  author={Chen, Xiaohong},
  journal={Handbook of econometrics},
  volume={6},
  pages={5549--5632},
  year={2007},
  publisher={Elsevier}
}

@article{cheng2000inferences,
  title={Inferences for a semiparametric model with panel data},
  author={Cheng, SC and Wei, LJ},
  journal={Biometrika},
  volume={87},
  number={1},
  pages={89--97},
  year={2000},
  publisher={Biometrika Trust}
}

@article{hastie1987generalized,
  title={Generalized additive models: some applications},
  author={Hastie, Trevor and Tibshirani, Robert},
  journal={Journal of the American Statistical Association},
  volume={82},
  number={398},
  pages={371--386},
  year={1987},
  publisher={Taylor \& Francis}
}

@incollection{marx2010p,
  title={P-spline varying coefficient models for complex data},
  author={Marx, Brian D},
  booktitle={Statistical Modelling and Regression Structures},
  pages={19--43},
  year={2010},
  publisher={Springer}
}

@article{anderson1973asymptotically,
  title={Asymptotically efficient estimation of covariance matrices with linear structure},
  author={Anderson, TW},
  journal={The Annals of Statistics},
  pages={135--141},
  year={1973},
  publisher={JSTOR}
}

@article{banerjee2008model,
  title={Model selection through sparse maximum likelihood estimation for multivariate gaussian or binary data},
  author={Banerjee, Onureena and El Ghaoui, Laurent and d'Aspremont, Alexandre},
  journal={The Journal of Machine Learning Research},
  volume={9},
  pages={485--516},
  year={2008},
  publisher={JMLR. org}
}


@article{cai2010nonparametric,
  title={Nonparametric covariance function estimation for functional and longitudinal data},
  author={Cai, Tony and Yuan, Ming},
  journal={university of Pennsylvania and Georgia inistitute of technology},
  year={2010}
}

@article{chen2011semiparametric,
  title={Efficient semiparametric estimation via Cholesky decomposition for longitudinal data},
  author={Chen, Z. and  Shi, M. and Gao W. and  Tang, M.},
  journal={Computational Statistics and Data Analysis},
  volume={55},
  pages={677--690},
  year={2011}
}

@article{darroch1980markov,
  title={Markov fields and log-linear interaction models for contingency tables},
  author={Darroch, John N and Lauritzen, Steffen L and Speed, Terry P},
  journal={The Annals of Statistics},
  pages={522--539},
  year={1980},
  publisher={JSTOR}
}

@article{dempster1972covariance,
  title={Covariance selection},
  author={Dempster, Arthur P},
  journal={Biometrics},
  pages={157--175},
  year={1972},
  publisher={JSTOR}
}

@article{fan2008semiparametric,
  title={Semiparametric estimation of covariance matrixes for longitudinal data},
  author={Fan, Jianqing and Wu, Yichao},
  journal={Journal of the American Statistical Association},
  volume={103},
  number={484},
  year={2008}
}


@article{kimeldorf1971some,
  title={Some results on Tchebycheffian spline functions},
  author={Kimeldorf, George and Wahba, Grace},
  journal={Journal of mathematical analysis and applications},
  volume={33},
  number={1},
  pages={82--95},
  year={1971},
  publisher={Elsevier}
}

@article{fan2007semiparametric,
  title={Analysis of longitudinal data with semiparametric estimation of covariance function},
  author={Fan, Jianqing and Huang, Tao and Li, Runze},
  journal={Journal of the American Statistical Association},
  volume={102},
  number={478},
  pages={632--641},
  year={2007},
  publisher={American Statistical Association}
}

@article{friedman2008sparse,
  title={Sparse inverse covariance estimation with the graphical lasso},
  author={Friedman, Jerome and Hastie, Trevor and Tibshirani, Robert},
  journal={Biostatistics},
  volume={9},
  number={3},
  pages={432--441},
  year={2008},
  publisher={Biometrika Trust}
}

@article{pourahmadi2000maximum,
  title={Maximum likelihood estimation of generalised linear models for multivariate normal covariance matrix},
  author={Pourahmadi, Mohsen},
  journal={Biometrika},
  pages={425--435},
  year={2000},
  publisher={JSTOR}
}

@article{gabriel1962ante,
  title={Ante-dependence analysis of an ordered set of variables},
  author={Gabriel, KR},
  journal={The Annals of Mathematical Statistics},
  pages={201--212},
  year={1962},
  publisher={JSTOR}
}

@book{gu2013smoothing,
  title={Smoothing spline ANOVA models},
  author={Gu, Chong},
  volume={297},
  year={2013},
  publisher={Springer Science \& Business Media}
}

@article{kaslow1987multicenter,
  title={The Multicenter AIDS Cohort Study: rationale, organization, and selected characteristics of the participants},
  author={Kaslow, Richard A and Ostrow, David G and Detels, Roger and Phair, John P and Polk, B Frank and Rinaldo, Charles R},
  journal={American journal of epidemiology},
  volume={126},
  number={2},
  pages={310--318},
  year={1987},
  publisher={Oxford Univ Press}
}
@article{levina2008sparse,
  title={Sparse estimation of large covariance matrices via a nested Lasso penalty},
  author={Levina, Elizaveta and Rothman, Adam and Zhu, Ji},
  journal={The Annals of Applied Statistics},
  pages={245--263},
  year={2008},
  publisher={JSTOR}
}

@article{d2008first,
  title={First-order methods for sparse covariance selection},
  author={d'Aspremont, Alexandre and Banerjee, Onureena and El Ghaoui, Laurent},
  journal={SIAM Journal on Matrix Analysis and Applications},
  volume={30},
  number={1},
  pages={56--66},
  year={2008},
  publisher={SIAM}
}

@article{lin2005semiparametric,
  title={Semiparametric estimation in general repeated measures problems},
  author={Lin, Xihong and Carroll, Raymond J},
  journal={Journal of the Royal Statistical Society. Series B, statistical methodology},
  volume={68},
  pages={69--88},
  year={2006},
  publisher={Blackwell}
}



@article{Meinshausen2006highDimGraphs,
  title={High-dimensional graphs and variable selection with the Lasso},
  author={Meinhausen, Nocolai and Buhlmann, Peter},
  journal={Annals of Statistics},
  volume={34},
  number={3},
  pages={1436--1462},
  year={2006},
  publisher={Institute of Mathematical Statistics}
}


@article{peng2012partial,
  title={Partial correlation estimation by joint sparse regression models},
  author={Peng, Jie and Wang, Pei and Zhou, Nengfeng and Zhu, Ji},
  journal={Journal of the American Statistical Association},
  year={2012},
  publisher={Taylor \& Francis}
}

@article{pourahmadi1999joint,
  title={Joint mean-covariance models with applications to longitudinal data: Unconstrained parameterisation},
  author={Pourahmadi, Mohsen},
  journal={Biometrika},
  volume={86},
  number={3},
  pages={677--690},
  year={1999},
  publisher={Biometrika Trust}
}
@article{lee2013efficient,
  title={Efficient two-dimensional smoothing with P-spline ANOVA mixed models and nested bases},
  author={Lee, Dae-Jin and Durb{\'a}n, Mar{\'\i}a and Eilers, Paul},
  journal={Computational Statistics \& Data Analysis},
  volume={61},
  pages={22--37},
  year={2013},
  publisher={Elsevier}
}

@article{wu2009banding,
  title={Banding sample autocovariance matrices of stationary processes},
  author={Wu, Wei Biao and Pourahmadi, Mohsen},
  journal={Statistica Sinica},
  pages={1755--1768},
  year={2009},
  publisher={JSTOR}
}

@article{rothman2008sparse,
  title={Sparse permutation invariant covariance estimation},
  author={Rothman, Adam J and Bickel, Peter J and Levina, Elizaveta and Zhu, Ji},
  journal={Electronic Journal of Statistics},
  volume={2},
  pages={494--515},
  year={2008},
  publisher={Institute of Mathematical Statistics}
}

@book{wahba1990spline,
  title={Spline models for observational data},
  author={Wahba, Grace},
  volume={59},
  year={1990},
  publisher={Siam}
}


@article{wu2003nonparametric,
  title={Nonparametric estimation of large covariance matrices of longitudinal data},
  author={Wu, Wei Biao and Pourahmadi, Mohsen},
  journal={Biometrika},
  volume={90},
  number={4},
  pages={831--844},
  year={2003},
  publisher={Biometrika Trust}
}

@article{yao2005functional,
  title={Functional data analysis for sparse longitudinal data},
  author={Yao, Fang and M{\"u}ller, Hans-Georg and Wang, Jane-Ling},
  journal={Journal of the American Statistical Association},
  volume={100},
  number={470},
  pages={577--590},
  year={2005},
  publisher={Taylor \& Francis}
}

@article{yuan2007model,
  title={Model selection and estimation in the Gaussian graphical model},
  author={Yuan, Ming and Lin, Yi},
  journal={Biometrika},
  volume={94},
  number={1},
  pages={19--35},
  year={2007},
  publisher={Biometrika Trust}
}

@article{zhang2012moving,
  title={A moving average Cholesky factor model in covariance modelling for longitudinal data},
  author={Zhang, Weiping and Leng, Chenlei},
  journal={Biometrika},
  volume={99},
  number={1},
  pages={141--150},
  year={2012},
  publisher={Biometrika Trust}
}

@incollection{zimmerman1997structured,
  title={Structured antedependence models for longitudinal data},
  author={Zimmerman, Dale L and Nunez-Anton, Vicente},
  booktitle={Modelling Longitudinal and Spatially Correlated Data},
  pages={63--76},
  year={1997},
  publisher={Springer}
}

@book{hastie1990generalized,
  title={Generalized additive models},
  author={Hastie, Trevor J and Tibshirani, Robert J},
  volume={43},
  year={1990},
  publisher={CRC Press}
}

@article{linton1995kernel,
  title={A kernel method of estimating structured nonparametric regression based on marginal integration},
  author={Linton, Oliver and Nielsen, Jens Perch},
  journal={Biometrika},
  pages={93--100},
  year={1995},
  publisher={JSTOR}
}

@article{fan1999statistical,
  title={Statistical estimation in varying coefficient models},
  author={Fan, Jianqing and Zhang, Wenyang},
  journal={Annals of Statistics},
  pages={1491--1518},
  year={1999},
  publisher={JSTOR}
}

@article{fan1993local,
  title={Local linear regression smoothers and their minimax efficiencies},
  author={Fan, Jianqing},
  journal={The Annals of Statistics},
  pages={196--216},
  year={1993},
  publisher={JSTOR}
}



@article{hardle1992applied,
  title={Applied Nonparametric Regression},
  author={H{\"a}rdle, Wolfgang and others},
  journal={Cambridge Books},
  year={1992},
  publisher={Cambridge University Press}
}

@article{hardle1988far,
  title={How far are automatically chosen regression smoothing parameters from their optimum?},
  author={H{\"a}rdle, Wolfgang and Hall, Peter and Marron, James Stephen},
  journal={Journal of the American Statistical Association},
  volume={83},
  number={401},
  pages={86--95},
  year={1988},
  publisher={Taylor \& Francis}
}


@article{schall1991estimation,
  title={Estimation in generalized linear models with random effects},
  author={Schall, Robert},
  journal={Biometrika},
  pages={719--727},
  year={1991},
  publisher={JSTOR}
}

@article{wahba1985comparison,
  title={A comparison of GCV and GML for choosing the smoothing parameter in the generalized spline smoothing problem},
  author={Wahba, Grace},
  journal={The Annals of Statistics},
  pages={1378--1402},
  year={1985},
  publisher={JSTOR}
}

@article{eilers2006fast,
  title={Fast and compact smoothing on large multidimensional grids},
  author={Eilers, Paul HC and Currie, Iain D and Durb{\'a}n, Maria},
  journal={Computational Statistics \& Data Analysis},
  volume={50},
  number={1},
  pages={61--76},
  year={2006},
  publisher={Elsevier}
}

@article{lee2011p,
  title={P-spline ANOVA-type interaction models for spatio-temporal smoothing},
  author={Lee, Dae-Jin and Durb{\'a}n, Mar{\'\i}a},
  journal={Statistical Modelling},
  volume={11},
  number={1},
  pages={49--69},
  year={2011},
  publisher={SAGE Publications Sage India: New Delhi, India}
}

@article{whittaker1922new,
  title={On a new method of graduation},
  author={Whittaker, Edmund T},
  journal={Proceedings of the Edinburgh Mathematical Society},
  volume={41},
  pages={63--75},
  year={1922},
  publisher={Cambridge Univ Press}
}

@article{schoenberg1953polya,
  title={On Polya frequency functions},
  author={Sch{\"o}enberg, IJ and Whitney, A},
  journal={Trans. Amer. Math. Soc},
  volume={74},
  pages={246--259},
  year={1953}
}
