@article{tong1995personal,
  title={A Personal Overview of Non-Linear Time Series Analysis from a Chaos Perspective [with Discussion and Rejoinder]},
  author={Tong, Howell and Chan, KS and Cox, DR and Cutler, Colleen D and Gu{\'e}gan, D and Jensen, Jens Ledet and Johansen, S{\o}ren and Lawrance, AJ and Lebaron, Blake and Ozaki, T and others},
  journal={Scandinavian Journal of Statistics},
  pages={399--445},
  year={1995},
  publisher={JSTOR}
}
@article{cai2010optimal,
  title={Optimal rates of convergence for covariance matrix estimation},
  author={Cai, T Tony and Zhang, Cun-Hui and Zhou, Harrison H and others},
  journal={The Annals of Statistics},
  volume={38},
  number={4},
  pages={2118--2144},
  year={2010},
  publisher={Institute of Mathematical Statistics}
}

@book{tsay2005analysis,
  title={Analysis of financial time series},
  author={Tsay, Ruey S},
  volume={543},
  year={2005},
  publisher={John Wiley \& Sons}
}

@article{verbyla1999analysis,
  title={The analysis of designed experiments and longitudinal data by using smoothing splines},
  author={Verbyla, Ar{\~u}nas P and Cullis, Brian R and Kenward, Michael G and Welham, Sue J},
  journal={Journal of the Royal Statistical Society: Series C (Applied Statistics)},
  volume={48},
  number={3},
  pages={269--311},
  year={1999},
  publisher={Wiley Online Library}
}

@article{zhou2014principal,
  title={Principal component analysis of two-dimensional functional data},
  author={Zhou, Lan and Pan, Huijun},
  journal={Journal of Computational and Graphical Statistics},
  volume={23},
  number={3},
  pages={779--801},
  year={2014},
  publisher={Taylor \& Francis}
}

@book{wand2003semiparametric,
  title={Semiparametric regression},
  author={Ruppert, D., Wand, MP and Carroll, Raymond J},
  year={2003},
  publisher={Cambridge University Press Cambridge:}
}

@article{eilers1999discussion,
  title={Discussion of ``The analysis of designed experiments and longitudinal data by using smoothing splines'' by Verbyla et al},
  author={Eilers, P},
  journal={Appl. Statist},
  volume={48},
  pages={306--307},
  year={1999}
}

@article{green1987penalized,
  title={Penalized likelihood for general semi-parametric regression models},
  author={Green, Peter J},
  journal={International Statistical Review/Revue Internationale de Statistique},
  pages={245--259},
  year={1987},
  publisher={JSTOR}
}

@article{xiang1996generalized,
  title={A generalized approximate cross validation for smoothing splines with non-Gaussian data},
  author={Xiang, Dong and Wahba, Grace},
  journal={Statistica Sinica},
  pages={675--692},
  year={1996},
  publisher={JSTOR}
}

@article{johnstone2001distribution,
  title={On the distribution of the largest eigenvalue in principal components analysis},
  author={Johnstone, Iain M},
  journal={Annals of statistics},
  pages={295--327},
  year={2001},
  publisher={JSTOR}
}

@article{lin1985monte,
  title={A Monte Carlo comparison of four estimators for a covariance matrix},
  author={Lin, Shang P},
  journal={Multivariate Analysis},
  volume={6},
  pages={411--429},
  year={1985},
  publisher={North Holland}
}

@article{zhang2006component,
  title={Component selection and smoothing for nonparametric regression in exponential families},
  author={Zhang, Hao Helen and Lin, Yi},
  journal={Statistica Sinica},
  pages={1021--1041},
  year={2006},
  publisher={JSTOR}
}

@book{dierckx1995curve,
  title={Curve and surface fitting with splines},
  author={Dierckx, Paul},
  year={1995},
  publisher={Oxford University Press}
}

@article{huang2012cautionary,
  title={A cautionary note on generalized linear models for covariance of unbalanced longitudinal data},
  author={Huang, Jianhua Z and Chen, Min and Maadooliat, Mehdi and Pourahmadi, Mohsen},
  journal={Journal of Statistical Planning and Inference},
  volume={142},
  number={3},
  pages={743--751},
  year={2012},
  publisher={Elsevier}
}

@article{hotelling1933analysis,
  title={Analysis of a complex of statistical variables into principal components.},
  author={Hotelling, Harold},
  journal={Journal of educational psychology},
  volume={24},
  number={6},
  pages={417},
  year={1933},
  publisher={Warwick \& York}
}

@article{engle2002dynamic,
  title={Dynamic conditional correlation: A simple class of multivariate generalized autoregressive conditional heteroskedasticity models},
  author={Engle, Robert},
  journal={Journal of Business \& Economic Statistics},
  volume={20},
  number={3},
  pages={339--350},
  year={2002},
  publisher={Taylor \& Francis}
}

@article{haff1980empirical,
  title={Empirical Bayes estimation of the multivariate normal covariance matrix},
  author={Haff, LR},
  journal={The Annals of Statistics},
  pages={586--597},
  year={1980},
  publisher={JSTOR}
}

@Book{Anderson84a,
  Title                    = {An Introduction to Multivariate Statistical Analysis},
  Annote                   = {SIGNATUR = 764.245},
  Editor                   = {T. W. Anderson},
  Keywords                 = {FUNDAMENTALS: mathematics},
  Publisher                = {Wiley},
  Year                     = {1984},
  Place = {Favoritenstrasse 9/4th Floor/1863}
}
@book{dey2000generalized,
  title={Generalized linear models: A Bayesian perspective},
  author={Dey, Dipak K and Ghosh, Sujit K and Mallick, Bani K},
  year={2000},
  publisher={CRC Press}
}

@book{hastie1990generalized,
  title={Generalized additive models},
  author={Hastie, Trevor and Tibshirani, Robert},
  year={1990},
  publisher={Wiley Online Library}
}

@book{mcculloch2001generalized,
  title={Generalized linear mixed models},
  author={McCulloch, Charles E and Neuhaus, John M},
  year={2001},
  publisher={Wiley Online Library}
}

@article{pan2003modelling,
  title={On modelling mean-covariance structures in longitudinal studies},
  author={Pan, Jianxin and Mackenzie, Gilbert},
  journal={Biometrika},
  volume={90},
  number={1},
  pages={239--244},
  year={2003},
  publisher={Oxford University Press}
}

@article{pan2017jmcm,
  title={jmcm: An R Package for Joint Mean-Covariance Modeling of Longitudinal Data},
  author={Pan, Jianxin and Pan, Yi},
  journal={Journal of Statistical Software},
  volume={82},
  number={1},
  pages={1--29},
  year={2017}
}

@article{pourahmadi2002dynamic,
  title={Dynamic conditionally linear mixed models for longitudinal data},
  author={Pourahmadi, M and Daniels, MJ},
  journal={Biometrics},
  volume={58},
  number={1},
  pages={225--231},
  year={2002},
  publisher={Wiley Online Library}
}

@article{pan2003modelling,
  title={On modelling mean-covariance structures in longitudinal studies},
  author={Pan, Jianxin and Mackenzie, Gilbert},
  journal={Biometrika},
  volume={90},
  number={1},
  pages={239--244},
  year={2003},
  publisher={Oxford University Press}
}

@article{zhang2015joint,
  title={A joint modelling approach for longitudinal studies},
  author={Zhang, Weiping and Leng, Chenlei and Tang, Cheng Yong},
  journal={Journal of the Royal Statistical Society: Series B (Statistical Methodology)},
  volume={77},
  number={1},
  pages={219--238},
  year={2015},
  publisher={Wiley Online Library}
}

@article{rothman2009generalized,
  title={Generalized thresholding of large covariance matrices},
  author={Rothman, Adam J and Levina, Elizaveta and Zhu, Ji},
  journal={Journal of the American Statistical Association},
  volume={104},
  number={485},
  pages={177--186},
  year={2009},
  publisher={Taylor \& Francis}
}

@article{cheng1998modified,
  title={A modified Cholesky algorithm based on a symmetric indefinite factorization},
  author={Cheng, Sheung Hun and Higham, Nicholas J},
  journal={SIAM Journal on Matrix Analysis and Applications},
  volume={19},
  number={4},
  pages={1097--1110},
  year={1998},
  publisher={SIAM}
}

@article{fang2016tuning,
  title={Tuning-parameter selection in regularized estimations of large covariance matrices},
  author={Fang, Yixin and Wang, Binhuan and Feng, Yang},
  journal={Journal of Statistical Computation and Simulation},
  volume={86},
  number={3},
  pages={494--509},
  year={2016},
  publisher={Taylor \& Francis}
}

@Manual{CVTuningCov,
title = {CVTuningCov: Regularized Estimators of Covariance Matrices with CV Tuning},
author = {Binhuan Wang},
year = {2014},
note = {R package version 1.0},
url = {https://CRAN.R-project.org/package=CVTuningCov},
}
@article{anderson1973asymptotically,
  title={Asymptotically efficient estimation of covariance matrices with linear structure},
  author={Anderson, TW},
  journal={The Annals of Statistics},
  pages={135--141},
  year={1973},
  publisher={JSTOR}
}

@article{edgeworth1892xxii,
  title={XXII. Correlated averages},
  author={Edgeworth, Francis Ysidro},
  journal={The London, Edinburgh, and Dublin Philosophical Magazine and Journal of Science},
  volume={34},
  number={207},
  pages={190--204},
  year={1892},
  publisher={Taylor \& Francis}
}

@article{champion2003empirical,
  title={Empirical Bayesian estimation of normal variances and covariances},
  author={Champion, Colin J},
  journal={Journal of multivariate analysis},
  volume={87},
  number={1},
  pages={60--79},
  year={2003},
  publisher={Elsevier}
}

@article{daniels1999nonconjugate,
  title={Nonconjugate Bayesian estimation of covariance matrices and its use in hierarchical models},
  author={Daniels, Michael J and Kass, Robert E},
  journal={Journal of the American Statistical Association},
  volume={94},
  number={448},
  pages={1254--1263},
  year={1999},
  publisher={Taylor \& Francis Group}
}

@article{lin1985monte,
  title={A Monte Carlo comparison of four estimators for a covariance matrix},
  author={Lin, Shang P},
  journal={Multivariate Analysis},
  volume={6},
  pages={411--429},
  year={1985},
  publisher={North Holland}
}

@article{yang1994estimation,
  title={Estimation of a covariance matrix using the reference prior},
  author={Yang, Ruoyong and Berger, James O},
  journal={The Annals of Statistics},
  pages={1195--1211},
  year={1994},
  publisher={JSTOR}
}

@article{pinheiro1996unconstrained,
  title={Unconstrained parametrizations for variance-covariance matrices},
  author={Pinheiro, Jos{\'e} C and Bates, Douglas M},
  journal={Statistics and computing},
  volume={6},
  number={3},
  pages={289--296},
  year={1996},
  publisher={Springer}
}

@article{chiu1996matrix,
  title={The matrix-logarithmic covariance model},
  author={Chiu, Tom YM and Leonard, Tom and Tsui, Kam-Wah},
  journal={Journal of the American Statistical Association},
  volume={91},
  number={433},
  pages={198--210},
  year={1996},
  publisher={Taylor \& Francis Group}
}
@article{gabriel1962ante,
  title={Ante-dependence analysis of an ordered set of variables},
  author={Gabriel, KR},
  journal={The Annals of Mathematical Statistics},
  pages={201--212},
  year={1962},
  publisher={JSTOR}
}

@article{shao1993linear,
  title={Linear model selection by cross-validation},
  author={Shao, Jun},
  journal={Journal of the American statistical Association},
  volume={88},
  number={422},
  pages={486--494},
  year={1993},
  publisher={Taylor \& Francis}
}

@article{kaufman2008covariance,
  title={Covariance tapering for likelihood-based estimation in large spatial data sets},
  author={Kaufman, Cari G and Schervish, Mark J and Nychka, Douglas W},
  journal={Journal of the American Statistical Association},
  volume={103},
  number={484},
  pages={1545--1555},
  year={2008},
  publisher={Taylor \& Francis}
}

@article{haff1980empirical,
  title={Empirical Bayes estimation of the multivariate normal covariance matrix},
  author={Haff, LR},
  journal={The Annals of Statistics},
  pages={586--597},
  year={1980},
  publisher={JSTOR}
}

@article{bickel2008regularized,
  title={Regularized estimation of large covariance matrices},
  author={Bickel, Peter J and Levina, Elizaveta},
  journal={The Annals of Statistics},
  pages={199--227},
  year={2008},
  publisher={JSTOR}
}

@article{antoniadis2001regularization,
  title={Regularization of wavelet approximations},
  author={Antoniadis, Anestis and Fan, Jianqing},
  journal={Journal of the American Statistical Association},
  volume={96},
  number={455},
  pages={939--967},
  year={2001},
  publisher={Taylor \& Francis}
}

@article{eilers1996flexible,
  title={Flexible smoothing with B-splines and penalties},
  author={Eilers, Paul HC and Marx, Brian D},
  journal={Statistical science},
  pages={89--102},
  year={1996},
  publisher={JSTOR}
}


@article{eilers2003multivariate,
  title={Multivariate calibration with temperature interaction using two-dimensional penalized signal regression},
  author={Eilers, Paul HC and Marx, Brian D},
  journal={Chemometrics and intelligent laboratory systems},
  volume={66},
  number={2},
  pages={159--174},
  year={2003},
  publisher={Elsevier}
}


@article{marx2005multidimensional,
  title={Multidimensional penalized signal regression},
  author={Marx, Brian D and Eilers, Paul HC},
  journal={Technometrics},
  volume={47},
  number={1},
  pages={13--22},
  year={2005},
  publisher={Taylor \& Francis}
}


@article{tibshirani2011nearly,
  title={Nearly-isotonic regression},
  author={Tibshirani, Ryan J and Hoefling, Holger and Tibshirani, Robert},
  journal={Technometrics},
  volume={53},
  number={1},
  pages={54--61},
  year={2011},
  publisher={Taylor \& Francis}
}

@book{McCullagh1989,
  added-at = {2010-07-07T17:27:19.000+0200},
  address = {London},
  author = {McCullagh, P. and Nelder, J.A.},
  biburl = {https://www.bibsonomy.org/bibtex/22faeb95886c4581fcecb1510c7fa5de3/pillo},
  edition = {2nd},
  interhash = {57a5eea9902828a90b76e8e38a420073},
  intrahash = {2faeb95886c4581fcecb1510c7fa5de3},
  keywords = {imported},
  owner = {Bernd Panassiti},
  publisher = {Chapman and Hall},
  timestamp = {2010-07-07T17:27:22.000+0200},
  title = {Generalized linear models},
  year = 1989
}

@article{dempster1972covariance,
  title={Covariance selection},
  author={Dempster, Arthur P},
  journal={Biometrics},
  pages={157--175},
  year={1972},
  publisher={JSTOR}
}

@inproceedings{stein1975estimation,
  title={Estimation of a covariance matrix, Rietz Lecture},
  author={Stein, Charles},
  booktitle={39th Annual Meeting IMS, Atlanta, GA, 1975},
  year={1975}
}

@article{lin1985monte,
  title={A Monte Carlo comparison of four estimators for a covariance matrix},
  author={Lin, Shang P},
  journal={Multivariate Analysis},
  volume={6},
  pages={411--429},
  year={1985},
  publisher={North Holland}
}

@article{pan2006regression,
  title={Regression models for covariance structures in longitudinal studies},
  author={Pan, Jianxin and 
, Gilbert},
  journal={Statistical Modelling},
  volume={6},
  number={1},
  pages={43--57},
  year={2006},
  publisher={Sage Publications Sage CA: Thousand Oaks, CA}
}
@article{tibshirani1996regression,
  title={Regression shrinkage and selection via the lasso},
  author={Tibshirani, Robert},
  journal={Journal of the Royal Statistical Society. Series B (Methodological)},
  pages={267--288},
  year={1996},
  publisher={JSTOR}
}
@article{gill1981practical,
  title={Practical optimization},
  author={Gill, Philip E and Murray, Walter and Wright, Margaret H},
  year={1981},
  publisher={Academic press}
}

@incollection{zimmerman1997structured,
  title={Structured antedependence models for longitudinal data},
  author={Zimmerman, Dale L and N{\'u}{\~n}ez-Ant{\'o}n, Vicente},
  booktitle={Modelling longitudinal and spatially correlated data},
  pages={63--76},
  year={1997},
  publisher={Springer}
}

@article{kenward1987method,
  title={A method for comparing profiles of repeated measurements},
  author={Kenward, Michael G},
  journal={Applied Statistics},
  pages={296--308},
  year={1987},
  publisher={JSTOR}
}

@article{gu1991minimizing,
  title={Minimizing GCV/GML scores with multiple smoothing parameters via the Newton method},
  author={Gu, Chong and Wahba, Grace},
  journal={SIAM Journal on Scientific and Statistical Computing},
  volume={12},
  number={2},
  pages={383--398},
  year={1991},
  publisher={SIAM}
}
@article{kim2004smoothing,
  title={Smoothing spline Gaussian regression: more scalable computation via efficient approximation},
  author={Kim, Young-Ju and Gu, Chong},
  journal={Journal of the Royal Statistical Society: Series B (Statistical Methodology)},
  volume={66},
  number={2},
  pages={337--356},
  year={2004},
  publisher={Wiley Online Library}
}

@book{golub2012matrix,
  title={Matrix computations},
  author={Golub, Gene H and Van Loan, Charles F},
  volume={3},
  year={2012},
  publisher={JHU Press}
}
@book{dennis1996numerical,
  title={Numerical methods for unconstrained optimization and nonlinear equations},
  author={Dennis Jr, John E and Schnabel, Robert B},
  year={1996},
  publisher={SIAM}
}

@article{duchon1977splines,
  title={Splines minimizing rotation-invariant semi-norms in Sobolev spaces},
  author={Duchon, Jean},
  journal={Constructive theory of functions of several variables},
  pages={85--100},
  year={1977},
  publisher={Springer}
}

@book{de1978practical,
  title={A practical guide to splines},
  author={De Boor, Carl and De Boor, Carl and Math{\'e}maticien, Etats-Unis and De Boor, Carl and De Boor, Carl},
  volume={27},
  year={1978},
  publisher={Springer-Verlag New York}
}

@article{reinsch1967smoothing,
  title={Smoothing by spline functions},
  author={Reinsch, Christian H},
  journal={Numerische mathematik},
  volume={10},
  number={3},
  pages={177--183},
  year={1967},
  publisher={Springer}
}

@book{eubank1999nonparametric,
  title={Nonparametric regression and spline smoothing},
  author={Eubank, Randall L},
  year={1999},
  publisher={CRC press}
}

@article{seidel1991symmetric,
  title={Symmetric recursive algorithms for surfaces: B-patches and the de Boor algorithm for polynomials over triangles},
  author={Seidel, Hans-Peter},
  journal={Constr. Approx},
  volume={7},
  pages={257--279},
  year={1991},
  publisher={Springer}
}

@article{dahmen1992blossoming,
  title={Blossoming begets ??-spline bases built better by ??-patches},
  author={Dahmen, Wolfgang and Micchelli, Charles A and Seidel, Hans-Peter},
  journal={Mathematics of computation},
  volume={59},
  number={199},
  pages={97--115},
  year={1992}
}


@article{fan2000two,
  title={Two-step estimation of functional linear models with applications to longitudinal data},
  author={Fan, Jianqing and Zhang, J-T},
  journal={Journal of the Royal Statistical Society: Series B (Statistical Methodology)},
  volume={62},
  number={2},
  pages={303--322},
  year={2000},
  publisher={Wiley Online Library}
}

@article{rothman2010new,
  title={A new approach to Cholesky-based covariance regularization in high dimensions},
  author={Rothman, Adam J and Levina, Elizaveta and Zhu, Ji},
  journal={Biometrika},
  pages={539--550},
  year={2010},
  publisher={JSTOR}
}

@book{de1978practical,
  title={A practical guide to splines},
  author={De Boor, Carl and De Boor, Carl and Math{\'e}maticien, Etats-Unis and De Boor, Carl and De Boor, Carl},
  volume={27},
  year={1978},
  publisher={Springer-Verlag New York}
}

@article{ledoit2004well,
  title={A well-conditioned estimator for large-dimensional covariance matrices},
  author={Ledoit, Olivier and Wolf, Michael},
  journal={Journal of multivariate analysis},
  volume={88},
  number={2},
  pages={365--411},
  year={2004},
  publisher={Elsevier}
}


@article{fan2008high,
  title={High dimensional covariance matrix estimation using a factor model},
  author={Fan, Jianqing and Fan, Yingying and Lv, Jinchi},
  journal={Journal of Econometrics},
  volume={147},
  number={1},
  pages={186--197},
  year={2008},
  publisher={Elsevier}
}

@article{furrer2007estimation,
  title={Estimation of high-dimensional prior and posterior covariance matrices in Kalman filter variants},
  author={Furrer, Reinhard and Bengtsson, Thomas},
  journal={Journal of Multivariate Analysis},
  volume={98},
  number={2},
  pages={227--255},
  year={2007},
  publisher={Elsevier}
}

@article{liu1999matrix,
  title={Matrix results on the Khatri-Rao and Tracy-Singh products},
  author={Liu, Shuangzhe},
  journal={Linear Algebra and its Applications},
  volume={289},
  number={1-3},
  pages={267--277},
  year={1999},
  publisher={Elsevier}
}

@article{liao2016autocovariance,
  title={Autocovariance Function Estimation via Penalized Regression},
  author={Liao, Lina and Park, Cheolwoo and Hannig, Jan and Kang, Kee-Hoon},
  journal={Journal of Computational and Graphical Statistics},
  volume={25},
  number={4},
  pages={1041--1056},
  year={2016},
  publisher={Taylor \& Francis}
}

@inproceedings{scholkopf2001generalized,
  title={A generalized representer theorem},
  author={Sch{\"o}lkopf, Bernhard and Herbrich, Ralf and Smola, Alex J},
  booktitle={International Conference on Computational Learning Theory},
  pages={416--426},
  year={2001},
  organization={Springer}
}

@article{huang2011spectral,
  title={Spectral density estimation through a regularized inverse problem},
  author={Huang, Chunfeng and Hsing, Tailen and Cressie, Noel},
  journal={Statistica Sinica},
  pages={1115--1144},
  year={2011},
  publisher={JSTOR}
}

@book{wood2017generalized,
  title={Generalized additive models: an introduction with R},
  author={Wood, Simon N},
  year={2017},
  publisher={CRC press}
}

@article{wood2004stable,
  title={Stable and efficient multiple smoothing parameter estimation for generalized additive models},
  author={Wood, Simon N},
  journal={Journal of the American Statistical Association},
  volume={99},
  number={467},
  pages={673--686},
  year={2004},
  publisher={Taylor \& Francis}
}

@misc{gu2002smoothing,
  title={Smoothing Spline ANOVA Models},
  author={Gu, Chong},
  year={2002},
  publisher={New York: Springer}
}

@article{wahba1995smoothing,
  title={Smoothing spline ANOVA for exponential families, with application to the Wisconsin Epidemiological Study of Diabetic Retinopathy},
  author={Wahba, Grace and Wang, Yuedong and Gu, Chong and Klein, Ronald and Klein, Barbara},
  journal={The Annals of Statistics},
  pages={1865--1895},
  year={1995},
  publisher={JSTOR}
}

@article{gu1993semiparametric,
  title={Semiparametric analysis of variance with tensor product thin plate splines},
  author={Gu, Chong and Wahba, Grace},
  journal={Journal of the Royal Statistical Society. Series B (Methodological)},
  pages={353--368},
  year={1993},
  publisher={JSTOR}
}

@article{o1986statistical,
  title={A statistical perspective on ill-posed inverse problems},
  author={O'Sullivan, Finbarr},
  journal={Statistical science},
  pages={502--518},
  year={1986},
  publisher={JSTOR}
}

@article{craven1978smoothing,
  title={Smoothing noisy data with spline functions},
  author={Craven, Peter and Wahba, Grace},
  journal={Numerische Mathematik},
  volume={31},
  number={4},
  pages={377--403},
  year={1978},
  publisher={Springer}
}

@incollection{eilers1995indirect,
  title={Indirect observations, composite link models and penalized likelihood},
  author={Eilers, Paul HC},
  booktitle={Statistical Modelling},
  pages={91--98},
  year={1995},
  publisher={Springer}
}

@article{lee2013efficient,
  title={Efficient two-dimensional smoothing with P-spline ANOVA mixed models and nested bases},
  author={Lee, Dae-Jin and Durb{\'a}n, Mar{\'\i}a and Eilers, Paul},
  journal={Computational Statistics \& Data Analysis},
  volume={61},
  pages={22--37},
  year={2013},
  publisher={Elsevier}
}

@book{de1978practical,
  title={A practical guide to splines},
  author={De Boor, Carl and De Boor, Carl and Math{\'e}maticien, Etats-Unis and De Boor, Carl and De Boor, Carl},
  volume={27},
  year={1978},
  publisher={Springer-Verlag New York}
}

@article{eilers1991nonparametric,
  title={Nonparametric density estimation with grouped observations},
  author={Eilers, PHC},
  journal={Statistica neerlandica},
  volume={45},
  number={3},
  pages={255--269},
  year={1991},
  publisher={Wiley Online Library}
}

@article{eilers1991penalized,
  title={Penalized regression in action: Estimating pollution roses from daily averages},
  author={Eilers, Paul HC},
  journal={Environmetrics},
  volume={2},
  number={1},
  pages={25--47},
  year={1991},
  publisher={Wiley Online Library}
}

@article{friedman1989flexible,
  title={Flexible parsimonious smoothing and additive modeling},
  author={Friedman, Jerome H and Silverman, Bernard W},
  journal={Technometrics},
  volume={31},
  number={1},
  pages={3--21},
  year={1989},
  publisher={Taylor \& Francis}
}

@article{kooperberg1991study,
  title={A study of logspline density estimation},
  author={Kooperberg, Charles and Stone, Charles J},
  journal={Computational Statistics \& Data Analysis},
  volume={12},
  number={3},
  pages={327--347},
  year={1991},
  publisher={Elsevier}
}

@article{eilers1996flexible,
  title={Flexible smoothing with B-splines and penalties},
  author={Eilers, Paul HC and Marx, Brian D},
  journal={Statistical science},
  pages={89--102},
  year={1996},
  publisher={JSTOR}
}

@article{stone1997polynomial,
  title={Polynomial splines and their tensor products in extended linear modeling: 1994 Wald memorial lecture},
  author={Stone, Charles J and Hansen, Mark H and Kooperberg, Charles and Truong, Young K and others},
  journal={The Annals of Statistics},
  volume={25},
  number={4},
  pages={1371--1470},
  year={1997},
  publisher={Institute of Mathematical Statistics}
}

@article{stone2002free,
  title={Free knot splines in concave extended linear modeling},
  author={Stone, Charles J and Huang, Jianhua Z},
  journal={Journal of Statistical Planning and Inference},
  volume={108},
  number={1},
  pages={219--253},
  year={2002},
  publisher={Elsevier}
}

@article{stone2003statistical,
  title={Statistical modeling of diffusion processes with free knot splines},
  author={Stone, Charles J and Huang, Jianhua Z},
  journal={Journal of statistical planning and inference},
  volume={116},
  number={2},
  pages={451--474},
  year={2003},
  publisher={Elsevier}
}

@article{hastie1993varying,
  title={Varying-coefficient models},
  author={Hastie, Trevor and Tibshirani, Robert},
  journal={Journal of the Royal Statistical Society. Series B (Methodological)},
  pages={757--796},
  year={1993},
  publisher={JSTOR}
}

@article{hastie1986generalized,
  title={Generalized additive models},
  author={Hastie, Trevor and Tibshirani, Robert},
  journal={Statistical science},
  pages={297--310},
  year={1986},
  publisher={JSTOR}
}

@article{wand2008semiparametric,
  title={On semiparametric regression with O'Sullivan penalized splines},
  author={Wand, MP and Ormerod, JT},
  journal={Australian \& New Zealand Journal of Statistics},
  volume={50},
  number={2},
  pages={179--198},
  year={2008},
  publisher={Wiley Online Library}
}

@article{buja1989linear,
  title={Linear smoothers and additive models},
  author={Buja, Andreas and Hastie, Trevor and Tibshirani, Robert},
  journal={The Annals of Statistics},
  pages={453--510},
  year={1989},
  publisher={JSTOR}
}

@article{pourahmadi2011covariance,
  title={Covariance estimation: The GLM and regularization perspectives},
  author={Pourahmadi, Mohsen},
  journal={Statistical Science},
  pages={369--387},
  year={2011},
  publisher={JSTOR}
}

@article{chiang2001smoothing,
  title={Smoothing spline estimation for varying coefficient models with repeatedly measured dependent variables},
  author={Chiang, Chin-Tsang and Rice, John A and Wu, Colin O},
  journal={Journal of the American Statistical Association},
  volume={96},
  number={454},
  pages={605--619},
  year={2001},
  publisher={Taylor \& Francis}
}

@article{smith2002parsimonious,
  title={Parsimonious covariance matrix estimation for longitudinal data},
  author={Smith, Michael and Kohn, Robert},
  journal={Journal of the American Statistical Association},
  volume={97},
  number={460},
  pages={1141--1153},
  year={2002},
  publisher={Taylor \& Francis}
}

@article{eilers2003multivariate,
  title={Multivariate calibration with temperature interaction using two-dimensional penalized signal regression},
  author={Eilers, Paul HC and Marx, Brian D},
  journal={Chemometrics and intelligent laboratory systems},
  volume={66},
  number={2},
  pages={159--174},
  year={2003},
  publisher={Elsevier}
}


@article{huang2006covariance,
  title={Covariance matrix selection and estimation via penalised normal likelihood},
  author={Huang, Jianhua Z and Liu, Naiping and Pourahmadi, Mohsen and Liu, Linxu},
  journal={Biometrika},
  pages={85--98},
  year={2006},
  publisher={JSTOR}
}

@article{pourahmadi2007cholesky,
  title={Cholesky decompositions and estimation of a covariance matrix: orthogonality of variance-correlation parameters},
  author={Pourahmadi, Mohsen},
  journal={Biometrika},
  pages={1006--1013},
  year={2007},
  publisher={JSTOR}
}

@article{marx2005multidimensional,
  title={Multidimensional penalized signal regression},
  author={Marx, Brian D and Eilers, Paul HC},
  journal={Technometrics},
  volume={47},
  number={1},
  pages={13--22},
  year={2005},
  publisher={Taylor \& Francis}
}

@article{hoover1998nonparametric,
  title={Nonparametric smoothing estimates of time-varying coefficient models with longitudinal data},
  author={Hoover, Donald R and Rice, John A and Wu, Colin O and Yang, Li-Ping},
  journal={Biometrika},
  volume={85},
  number={4},
  pages={809--822},
  year={1998},
  publisher={Biometrika Trust}
}

@incollection{hardle2007partially,
  title={Partially linear models},
  author={H{\"a}rdle, Wolfgang and Liang, Hua},
  booktitle={Statistical methods for biostatistics and related fields},
  pages={87--103},
  year={2007},
  publisher={Springer}
}

@book{diggle2002analysis,
  title={Analysis of longitudinal data},
  author={Diggle, Peter},
  year={2002},
  publisher={Oxford University Press}
}

@article{zeger1994semiparametric,
  title={Semiparametric models for longitudinal data with application to CD4 cell numbers in HIV seroconverters},
  author={Zeger, Scott L and Diggle, Peter J},
  journal={Biometrics},
  pages={689--699},
  year={1994},
  publisher={JSTOR}
}

@article{diggle1998nonparametric,
  title={Nonparametric estimation of covariance structure in longitudinal data},
  author={Diggle, Peter J and Verbyla, Ar{\=u}nas P},
  journal={Biometrics},
  pages={401--415},
  year={1998},
  publisher={JSTOR}
}

@article{cai2002two,
  title={Two-step likelihood estimation procedure for varying-coefficient models},
  author={Cai, Zongwu},
  journal={Journal of Multivariate Analysis},
  volume={82},
  number={1},
  pages={189--209},
  year={2002},
  publisher={Elsevier}
}

@article{mammen2005bandwidth,
  title={Bandwidth selection for smooth backfitting in additive models},
  author={Mammen, Enno and Park, Byeong U},
  journal={Annals of Statistics},
  pages={1260--1294},
  year={2005},
  publisher={JSTOR}
}

@article{chen1993nonlinear,
  title={Nonlinear additive ARX models},
  author={Chen, Rong and Tsay, Ruey S},
  journal={Journal of the American Statistical Association},
  volume={88},
  number={423},
  pages={955--967},
  year={1993},
  publisher={Taylor \& Francis}
}

@article{chen1993functional,
  title={Functional-coefficient autoregressive models},
  author={Chen, Rong and Tsay, Ruey S},
  journal={Journal of the American Statistical Association},
  volume={88},
  number={421},
  pages={298--308},
  year={1993},
  publisher={Taylor \& Francis Group}
}

@article{cai2000functional,
  title={Functional-coefficient regression models for nonlinear time series},
  author={Cai, Zongwu and Fan, Jianqing and Yao, Qiwei},
  journal={Journal of the American Statistical Association},
  volume={95},
  number={451},
  pages={941--956},
  year={2000},
  publisher={Taylor \& Francis Group}
}

@article{cai2000application,
  title={Application of a local linear autoregressive model to BOD time series},
  author={Cai, Zongwu and Tiwari, Ram C},
  journal={Environmetrics},
  volume={11},
  number={3},
  pages={341--350},
  year={2000},
  publisher={Citeseer}
}

@article{wu1998asymptotic,
  title={Asymptotic confidence regions for kernel smoothing of a varying-coefficient model with longitudinal data},
  author={Wu, Colin O and Chiang, Chin-Tsang and Hoover, Donald R},
  journal={Journal of the American statistical Association},
  volume={93},
  number={444},
  pages={1388--1402},
  year={1998},
  publisher={Taylor \& Francis}
}

@article{zhou1998local,
  title={Local asymptotics for regression splines and confidence regions},
  author={Zhou, S and Shen, X and Wolfe, DA and others},
  journal={The annals of statistics},
  volume={26},
  number={5},
  pages={1760--1782},
  year={1998},
  publisher={Institute of Mathematical Statistics}
}

@article{lee2012flexible,
  title={Flexible generalized varying coefficient regression models},
  author={Lee, Young K and Mammen, Enno and Park, Byeong U and others},
  journal={The Annals of Statistics},
  volume={40},
  number={3},
  pages={1906--1933},
  year={2012},
  publisher={Institute of Mathematical Statistics}
}

@article{huang2001concave,
  title={Concave extended linear modeling: a theoretical synthesis},
  author={Huang, Jianhua Z},
  journal={Statistica Sinica},
  pages={173--197},
  year={2001},
  publisher={JSTOR}
}

@article{huang1998functional,
  title={Functional ANOVA models for generalized regression},
  author={Huang, Jianhua Z},
  journal={Journal of multivariate analysis},
  volume={67},
  number={1},
  pages={49--71},
  year={1998},
  publisher={Elsevier}
}

@article{rice1991estimating,
  title={Estimating the mean and covariance structure nonparametrically when the data are curves},
  author={Rice, John A and Silverman, Bernard W},
  journal={Journal of the Royal Statistical Society. Series B (Methodological)},
  pages={233--243},
  year={1991},
  publisher={JSTOR}
}
@book{ramsay2006functional,
  title={Functional data analysis},
  author={Ramsay, James O},
  year={2006},
  publisher={Wiley Online Library}
}

@book{ramsay2007applied,
  title={Applied functional data analysis: methods and case studies},
  author={Ramsay, James O and Silverman, Bernard W},
  year={2007},
  publisher={Springer}
}

@article{boente2000kernel,
  title={Kernel-based functional principal components},
  author={Boente, Graciela and Fraiman, Ricardo},
  journal={Statistics \& probability letters},
  volume={48},
  number={4},
  pages={335--345},
  year={2000},
  publisher={Elsevier}
}

@article{huang2007estimation,
  title={Estimation of large covariance matrices of longitudinal data with basis function approximations},
  author={Huang, Jianhua Z and Liu, Linxu and Liu, Naiping},
  journal={Journal of Computational and Graphical Statistics},
  volume={16},
  number={1},
  pages={189--209},
  year={2007},
  publisher={Taylor \& Francis}
}

@article{huang2004polynomial,
  title={Polynomial spline estimation and inference for varying coefficient models with longitudinal data},
  author={Huang, Jianhua Z and Wu, Colin O and Zhou, Lan},
  journal={Statistica Sinica},
  pages={763--788},
  year={2004},
  publisher={JSTOR}
}

@article{huang2002varying,
  title={Varying-coefficient models and basis function approximations for the analysis of repeated measurements},
  author={Huang, Jianhua Z and Wu, Colin O and Zhou, Lan},
  journal={Biometrika},
  volume={89},
  number={1},
  pages={111--128},
  year={2002},
  publisher={Biometrika Trust}
}


@article{ye1998measuring,
  title={On measuring and correcting the effects of data mining and model selection},
  author={Ye, Jianming},
  journal={Journal of the American Statistical Association},
  volume={93},
  number={441},
  pages={120--131},
  year={1998},
  publisher={Taylor \& Francis}
}

@article{huang1998projection,
  title={Projection estimation in multiple regression with application to functional ANOVA models},
  author={Huang, Jianhua Z and others},
  journal={The annals of statistics},
  volume={26},
  number={1},
  pages={242--272},
  year={1998},
  publisher={Institute of Mathematical Statistics}
}

@book{searle2009variance,
  title={Variance components},
  author={Searle, Shayle R and Casella, George and McCulloch, Charles E},
  volume={391},
  year={2009},
  publisher={John Wiley \& Sons}
}

@incollection{huang2003extended,
  title={Extended linear modeling with splines},
  author={Huang, Jianhua Z and Stone, Charles J},
  booktitle={Nonlinear Estimation and Classification},
  pages={213--233},
  year={2003},
  publisher={Springer}
}

@book{klein1997statistical,
  title={Statistical visions in time: a history of time series analysis, 1662-1938},
  author={Klein, Judy L},
  year={1997},
  publisher={Cambridge University Press}
}

@article{chen2007large,
  title={Large sample sieve estimation of semi-nonparametric models},
  author={Chen, Xiaohong},
  journal={Handbook of econometrics},
  volume={6},
  pages={5549--5632},
  year={2007},
  publisher={Elsevier}
}

@article{cheng2000inferences,
  title={Inferences for a semiparametric model with panel data},
  author={Cheng, SC and Wei, LJ},
  journal={Biometrika},
  volume={87},
  number={1},
  pages={89--97},
  year={2000},
  publisher={Biometrika Trust}
}

@article{jennrich1986unbalanced,
  title={Unbalanced repeated-measures models with structured covariance matrices},
  author={Jennrich, Robert I and Schluchter, Mark D},
  journal={Biometrics},
  pages={805--820},
  year={1986},
  publisher={JSTOR}
}

@article{hastie1987generalized,
  title={Generalized additive models: some applications},
  author={Hastie, Trevor and Tibshirani, Robert},
  journal={Journal of the American Statistical Association},
  volume={82},
  number={398},
  pages={371--386},
  year={1987},
  publisher={Taylor \& Francis}
}

@incollection{marx2010p,
  title={P-spline varying coefficient models for complex data},
  author={Marx, Brian D},
  booktitle={Statistical Modelling and Regression Structures},
  pages={19--43},
  year={2010},
  publisher={Springer}
}

@article{anderson1973asymptotically,
  title={Asymptotically efficient estimation of covariance matrices with linear structure},
  author={Anderson, TW},
  journal={The Annals of Statistics},
  pages={135--141},
  year={1973},
  publisher={JSTOR}
}

@article{banerjee2008model,
  title={Model selection through sparse maximum likelihood estimation for multivariate gaussian or binary data},
  author={Banerjee, Onureena and El Ghaoui, Laurent and d'Aspremont, Alexandre},
  journal={The Journal of Machine Learning Research},
  volume={9},
  pages={485--516},
  year={2008},
  publisher={JMLR. org}
}


@article{cai2010nonparametric,
  title={Nonparametric covariance function estimation for functional and longitudinal data},
  author={Cai, Tony and Yuan, Ming},
  journal={university of Pennsylvania and Georgia inistitute of technology},
  year={2010}
}

@article{chen2011semiparametric,
  title={Efficient semiparametric estimation via Cholesky decomposition for longitudinal data},
  author={Chen, Z. and  Shi, M. and Gao W. and  Tang, M.},
  journal={Computational Statistics and Data Analysis},
  volume={55},
  pages={677--690},
  year={2011}
}

@article{darroch1980markov,
  title={Markov fields and log-linear interaction models for contingency tables},
  author={Darroch, John N and Lauritzen, Steffen L and Speed, Terry P},
  journal={The Annals of Statistics},
  pages={522--539},
  year={1980},
  publisher={JSTOR}
}

@article{dempster1972covariance,
  title={Covariance selection},
  author={Dempster, Arthur P},
  journal={Biometrics},
  pages={157--175},
  year={1972},
  publisher={JSTOR}
}

@article{fan2008semiparametric,
  title={Semiparametric estimation of covariance matrixes for longitudinal data},
  author={Fan, Jianqing and Wu, Yichao},
  journal={Journal of the American Statistical Association},
  volume={103},
  number={484},
  year={2008}
}

@book{madsen2007time,
  title={Time series analysis},
  author={Madsen, Henrik},
  year={2007},
  publisher={CRC Press}
}

@article{verbyla1993modelling,
  title={Modelling variance heterogeneity: residual maximum likelihood and diagnostics},
  author={Verbyla, Arunas Petras},
  journal={Journal of the Royal Statistical Society. Series B (Methodological)},
  pages={493--508},
  year={1993},
  publisher={JSTOR}
}

@book{carroll1988transformation,
  title={Transformation and weighting in regression},
  author={Carroll, Raymond J and Ruppert, David},
  volume={30},
  year={1988},
  publisher={CRC Press}
}

@article{kitagawa1985smoothness,
  title={A smoothness priors time-varying AR coefficient modeling of nonstationary covariance time series},
  author={Kitagawa, Genshiro and Gersch, Will},
  journal={IEEE Transactions on Automatic Control},
  volume={30},
  number={1},
  pages={48--56},
  year={1985},
  publisher={IEEE}
}
@article{kimeldorf1971some,
  title={Some results on Tchebycheffian spline functions},
  author={Kimeldorf, George and Wahba, Grace},
  journal={Journal of mathematical analysis and applications},
  volume={33},
  number={1},
  pages={82--95},
  year={1971},
  publisher={Elsevier}
}

@article{fan2007semiparametric,
  title={Analysis of longitudinal data with semiparametric estimation of covariance function},
  author={Fan, Jianqing and Huang, Tao and Li, Runze},
  journal={Journal of the American Statistical Association},
  volume={102},
  number={478},
  pages={632--641},
  year={2007},
  publisher={American Statistical Association}
}

@article{friedman2008sparse,
  title={Sparse inverse covariance estimation with the graphical lasso},
  author={Friedman, Jerome and Hastie, Trevor and Tibshirani, Robert},
  journal={Biostatistics},
  volume={9},
  number={3},
  pages={432--441},
  year={2008},
  publisher={Biometrika Trust}
}

@article{pourahmadi2000maximum,
  title={Maximum likelihood estimation of generalised linear models for multivariate normal covariance matrix},
  author={Pourahmadi, Mohsen},
  journal={Biometrika},
  pages={425--435},
  year={2000},
  publisher={JSTOR}
}

@article{aronszajn1950theory,
  title={Theory of reproducing kernels},
  author={Aronszajn, Nachman},
  journal={Transactions of the American mathematical society},
  volume={68},
  number={3},
  pages={337--404},
  year={1950}
}

@article{gabriel1962ante,
  title={Ante-dependence analysis of an ordered set of variables},
  author={Gabriel, KR},
  journal={The Annals of Mathematical Statistics},
  pages={201--212},
  year={1962},
  publisher={JSTOR}
}

@article{xuasymptotic,
  title={ASYMPTOTIC OPTIMALITY AND EFFICIENT COMPUTATION OF THE LEAVE-SUBJECT-OUT CROSS-VALIDATION: SUPPLEMENTARY MATERIALS},
  author={Xu, Ganggang and Huang, Jianhua Z},
  journal={arXiv preprint math.PR/0000000}
}

@article{xu2012asymptotic,
  title={Asymptotic optimality and efficient computation of the leave-subject-out cross-validation},
  author={Xu, Ganggang and Huang, Jianhua Z and others},
  journal={The Annals of Statistics},
  volume={40},
  number={6},
  pages={3003--3030},
  year={2012},
  publisher={Institute of Mathematical Statistics}
}

@book{gu2013smoothing,
  title={Smoothing spline ANOVA models},
  author={Gu, Chong},
  volume={297},
  year={2013},
  publisher={Springer Science \& Business Media}
}

@article{kaslow1987multicenter,
  title={The Multicenter AIDS Cohort Study: rationale, organization, and selected characteristics of the participants},
  author={Kaslow, Richard A and Ostrow, David G and Detels, Roger and Phair, John P and Polk, B Frank and Rinaldo, Charles R},
  journal={American journal of epidemiology},
  volume={126},
  number={2},
  pages={310--318},
  year={1987},
  publisher={Oxford Univ Press}
}
@article{levina2008sparse,
  title={Sparse estimation of large covariance matrices via a nested Lasso penalty},
  author={Levina, Elizaveta and Rothman, Adam and Zhu, Ji},
  journal={The Annals of Applied Statistics},
  pages={245--263},
  year={2008},
  publisher={JSTOR}
}

@article{d2008first,
  title={First-order methods for sparse covariance selection},
  author={d'Aspremont, Alexandre and Banerjee, Onureena and El Ghaoui, Laurent},
  journal={SIAM Journal on Matrix Analysis and Applications},
  volume={30},
  number={1},
  pages={56--66},
  year={2008},
  publisher={SIAM}
}

@article{lin2005semiparametric,
  title={Semiparametric estimation in general repeated measures problems},
  author={Lin, Xihong and Carroll, Raymond J},
  journal={Journal of the Royal Statistical Society. Series B, statistical methodology},
  volume={68},
  pages={69--88},
  year={2006},
  publisher={Blackwell}
}



@article{Meinshausen2006highDimGraphs,
  title={High-dimensional graphs and variable selection with the Lasso},
  author={Meinhausen, Nocolai and Buhlmann, Peter},
  journal={Annals of Statistics},
  volume={34},
  number={3},
  pages={1436--1462},
  year={2006},
  publisher={Institute of Mathematical Statistics}
}


@article{peng2012partial,
  title={Partial correlation estimation by joint sparse regression models},
  author={Peng, Jie and Wang, Pei and Zhou, Nengfeng and Zhu, Ji},
  journal={Journal of the American Statistical Association},
  year={2012},
  publisher={Taylor \& Francis}
}

@article{pourahmadi1999joint,
  title={Joint mean-covariance models with applications to longitudinal data: Unconstrained parameterisation},
  author={Pourahmadi, Mohsen},
  journal={Biometrika},
  volume={86},
  number={3},
  pages={677--690},
  year={1999},
  publisher={Biometrika Trust}
}
@article{lee2013efficient,
  title={Efficient two-dimensional smoothing with P-spline ANOVA mixed models and nested bases},
  author={Lee, Dae-Jin and Durb{\'a}n, Mar{\'\i}a and Eilers, Paul},
  journal={Computational Statistics \& Data Analysis},
  volume={61},
  pages={22--37},
  year={2013},
  publisher={Elsevier}
}
@article{bickel2008covariance,
  title={Covariance regularization by thresholding},
  author={Bickel, Peter J and Levina, Elizaveta and others},
  journal={The Annals of Statistics},
  volume={36},
  number={6},
  pages={2577--2604},
  year={2008},
  publisher={Institute of Mathematical Statistics}
}
@article{bickel2008regularized,
  title={Regularized estimation of large covariance matrices},
  author={Bickel, Peter J and Levina, Elizaveta},
  journal={The Annals of Statistics},
  pages={199--227},
  year={2008},
  publisher={JSTOR}
}

@article{wu2009banding,
  title={Banding sample autocovariance matrices of stationary processes},
  author={Wu, Wei Biao and Pourahmadi, Mohsen},
  journal={Statistica Sinica},
  pages={1755--1768},
  year={2009},
  publisher={JSTOR}
}

@article{rothman2008sparse,
  title={Sparse permutation invariant covariance estimation},
  author={Rothman, Adam J and Bickel, Peter J and Levina, Elizaveta and Zhu, Ji},
  journal={Electronic Journal of Statistics},
  volume={2},
  pages={494--515},
  year={2008},
  publisher={Institute of Mathematical Statistics}
}
@article{wang1997grkpack,
  title={Grkpack fitting smoothing spline anova models for exponential families},
  author={Wang, Yuedong},
  journal={Communications in Statistics-Simulation and Computation},
  volume={26},
  number={2},
  pages={765--782},
  year={1997},
  publisher={Taylor \& Francis}
}
@article{wahba1995smoothing,
  title={Smoothing spline anova for exponential families, with application to the wisconsin epidemiological study of diabetic retinopathy: the 1994 neyman memorial lecture},
  author={Wahba, Grace and Wang, Yuedong and Gu, Chong and Klein, Ronald and Klein, Barbara and others},
  journal={The Annals of Statistics},
  volume={23},
  number={6},
  pages={1865--1895},
  year={1995},
  publisher={Institute of Mathematical Statistics}
}

@book{gu2013smoothing,
  title={Smoothing spline ANOVA models},
  author={Gu, Chong},
  volume={297},
  year={2013},
  publisher={Springer Science \& Business Media}
}

@book{wahba1990spline,
  title={Spline models for observational data},
  author={Wahba, Grace},
  volume={59},
  year={1990},
  publisher={Siam}
}

@article{dahlhaus1997fitting,
  title={Fitting time series models to nonstationary processes},
  author={Dahlhaus, Rainer and others},
  journal={The annals of Statistics},
  volume={25},
  number={1},
  pages={1--37},
  year={1997},
  publisher={Institute of Mathematical Statistics}
}

@book{berlinet2011reproducing,
  title={Reproducing kernel Hilbert spaces in probability and statistics},
  author={Berlinet, Alain and Thomas-Agnan, Christine},
  year={2011},
  publisher={Springer Science \& Business Media}
}

@article{wu2003nonparametric,
  title={Nonparametric estimation of large covariance matrices of longitudinal data},
  author={Wu, Wei Biao and Pourahmadi, Mohsen},
  journal={Biometrika},
  volume={90},
  number={4},
  pages={831--844},
  year={2003},
  publisher={Biometrika Trust}
}

@article{csenturk2013modeling,
  title={Modeling time-varying effects with generalized and unsynchronized longitudinal data},
  author={{\c{S}}ent{\"u}rk, Damla and Dalrymple, Lorien S and Mohammed, Sandra M and Kaysen, George A and Nguyen, Danh V},
  journal={Statistics in medicine},
  volume={32},
  number={17},
  pages={2971--2987},
  year={2013},
  publisher={Wiley Online Library}
}

@article{noh2010sparse,
  title={Sparse varying coefficient models for longitudinal data},
  author={Noh, Hoh Suk and Park, Byeong U},
  journal={Statistica Sinica},
  pages={1183--1202},
  year={2010},
  publisher={JSTOR}
}

@article{csenturk2008generalized,
  title={Generalized varying coefficient models for longitudinal data},
  author={{\c{S}}ent{\"u}rk, Damla and M{\"u}ller, Hans-Georg},
  journal={Biometrika},
  volume={95},
  number={3},
  pages={653--666},
  year={2008},
  publisher={Oxford University Press}
}

@article{yao2005functional,
  title={Functional data analysis for sparse longitudinal data},
  author={Yao, Fang and M{\"u}ller, Hans-Georg and Wang, Jane-Ling},
  journal={Journal of the American Statistical Association},
  volume={100},
  number={470},
  pages={577--590},
  year={2005},
  publisher={Taylor \& Francis}
}

@article{yuan2007model,
  title={Model selection and estimation in the Gaussian graphical model},
  author={Yuan, Ming and Lin, Yi},
  journal={Biometrika},
  volume={94},
  number={1},
  pages={19--35},
  year={2007},
  publisher={Biometrika Trust}
}

@article{zhang2012moving,
  title={A moving average Cholesky factor model in covariance modelling for longitudinal data},
  author={Zhang, Weiping and Leng, Chenlei},
  journal={Biometrika},
  volume={99},
  number={1},
  pages={141--150},
  year={2012},
  publisher={Biometrika Trust}
}

@incollection{zimmerman1997structured,
  title={Structured antedependence models for longitudinal data},
  author={Zimmerman, Dale L and Nunez-Anton, Vicente},
  booktitle={Modelling Longitudinal and Spatially Correlated Data},
  pages={63--76},
  year={1997},
  publisher={Springer}
}

@book{hastie1990generalized,
  title={Generalized additive models},
  author={Hastie, Trevor J and Tibshirani, Robert J},
  volume={43},
  year={1990},
  publisher={CRC Press}
}


@article{marx1999generalized,
  title={Generalized linear regression on sampled signals and curves: a P-spline approach},
  author={Marx, Brian D and Eilers, Paul HC},
  journal={Technometrics},
  volume={41},
  number={1},
  pages={1--13},
  year={1999},
  publisher={Taylor \& Francis}
}

@article{cardot2005estimation,
  title={Estimation in generalized linear models for functional data via penalized likelihood},
  author={Cardot, Herv{\'e} and Sarda, Pacal},
  journal={Journal of Multivariate Analysis},
  volume={92},
  number={1},
  pages={24--41},
  year={2005},
  publisher={Elsevier}
}

@article{cox1988testing,
  title={Testing the (parametric) null model hypothesis in (semiparametric) partial and generalized spline models},
  author={Cox, Dennis and Koh, Eunmee and Wahba, Grace and Yandell, Brian S},
  journal={The Annals of Statistics},
  pages={113--119},
  year={1988},
  publisher={JSTOR}
}

@article{linton1995kernel,
  title={A kernel method of estimating structured nonparametric regression based on marginal integration},
  author={Linton, Oliver and Nielsen, Jens Perch},
  journal={Biometrika},
  pages={93--100},
  year={1995},
  publisher={JSTOR}
}

@article{liu2004hypothesis,
  title={Hypothesis testing in smoothing spline models},
  author={Liu, Anna and Wang, Yuedong},
  journal={Journal of Statistical computation and simulation},
  volume={74},
  number={8},
  pages={581--597},
  year={2004},
  publisher={Taylor \& Francis}
}

@article{fan1999statistical,
  title={Statistical estimation in varying coefficient models},
  author={Fan, Jianqing and Zhang, Wenyang},
  journal={Annals of Statistics},
  pages={1491--1518},
  year={1999},
  publisher={JSTOR}
}

@article{fan1993local,
  title={Local linear regression smoothers and their minimax efficiencies},
  author={Fan, Jianqing},
  journal={The Annals of Statistics},
  pages={196--216},
  year={1993},
  publisher={JSTOR}
}



@article{hardle1992applied,
  title={Applied Nonparametric Regression},
  author={H{\"a}rdle, Wolfgang and others},
  journal={Cambridge Books},
  year={1992},
  publisher={Cambridge University Press}
}

@article{hardle1988far,
  title={How far are automatically chosen regression smoothing parameters from their optimum?},
  author={H{\"a}rdle, Wolfgang and Hall, Peter and Marron, James Stephen},
  journal={Journal of the American Statistical Association},
  volume={83},
  number={401},
  pages={86--95},
  year={1988},
  publisher={Taylor \& Francis}
}


@article{schall1991estimation,
  title={Estimation in generalized linear models with random effects},
  author={Schall, Robert},
  journal={Biometrika},
  pages={719--727},
  year={1991},
  publisher={JSTOR}
}

@article{wahba1985comparison,
  title={A comparison of GCV and GML for choosing the smoothing parameter in the generalized spline smoothing problem},
  author={Wahba, Grace},
  journal={The Annals of Statistics},
  pages={1378--1402},
  year={1985},
  publisher={JSTOR}
}

@article{eilers2006fast,
  title={Fast and compact smoothing on large multidimensional grids},
  author={Eilers, Paul HC and Currie, Iain D and Durb{\'a}n, Maria},
  journal={Computational Statistics \& Data Analysis},
  volume={50},
  number={1},
  pages={61--76},
  year={2006},
  publisher={Elsevier}
}

@article{lee2011p,
  title={P-spline ANOVA-type interaction models for spatio-temporal smoothing},
  author={Lee, Dae-Jin and Durb{\'a}n, Mar{\'\i}a},
  journal={Statistical Modelling},
  volume={11},
  number={1},
  pages={49--69},
  year={2011},
  publisher={SAGE Publications Sage India: New Delhi, India}
}

@article{whittaker1922new,
  title={On a new method of graduation},
  author={Whittaker, Edmund T},
  journal={Proceedings of the Edinburgh Mathematical Society},
  volume={41},
  pages={63--75},
  year={1922},
  publisher={Cambridge Univ Press}
}

@article{schoenberg1953polya,
  title={On Polya frequency functions},
  author={Sch{\"o}enberg, IJ and Whitney, A},
  journal={Trans. Amer. Math. Soc},
  volume={74},
  pages={246--259},
  year={1953}
}
